@book{bushnell2006local,
  title={The local Langlands conjecture for GL (2)},
  author={Bushnell, Colin J and Henniart, Guy},
  volume={335},
  year={2006},
  publisher={Springer Science \& Business Media}
}